@misc{apple2024macbook,
  author       = {Apple Inc.},
  title        = {MacBook Air (M2, 2022) - Especificaciones técnicas},
  year         = {2024},
  url          = {https://support.apple.com/es-cl/111867},
}

@book{
  contreras2018algoritmos,
  author    = {Contreras-Moreira, Bruno},
  title     = {Algoritmos en bioinform\'{a}tica estructural},
  publisher = {Digital.CSIC},
  edition   = {2022},
  year      = {2018},
  url       = {https://doi.org/10.20350/digitalcsic/8544},
  doi       = {10.20350/digitalcsic/8544}
}

@online{GfG2025LCS,
  author  = {GeeksforGeeks},
  title   = {Longest Common Subsequence (LCS)},
  year    = {2025},
  date    = {2025-03-04},
  url     = {https://www.geeksforgeeks.org/longest-common-subsequence-dp-4/},
}

@book{CLRS2009DP,
  author    = {Thomas H. Cormen and Charles E. Leiserson and Ronald L. Rivest and Clifford Stein},
  title     = {Introduction to Algorithms},
  subtitle  = {Capítulo “Dynamic Programming”},
  publisher = {MIT Press},
  year      = {2009},
  date      = {2009-07-31},
  url       = {https://mitpress.mit.edu/9780262533058/introduction-to-algorithms/},
  edition   = {3},
}

@online{Programiz2025LCS,
  author  = {{Programiz}},
  title   = {Longest Common Subsequence},
  year    = {2025},
  date    = {2025-05-23},
  url     = {https://www.programiz.com/dsa/longest-common-subsequence},
}
